/Users/bb/Documents/Articles/bibliografies/biblio-bb.bib