@FOOTNOTE{Note1,key="Note1",note=" Personal communication from professor Ronald Wetzel and from Dr. Elizabeth Landrum, University of Pittsburgh. "}
@FOOTNOTE{Note2,key="Note2",note=" Private communication with professor Ronald Wetzel, University of Pittsburgh. "}
@CONTROL{REVTEX41Control}
@CONTROL{apsrev41Control,author="08",editor="1",pages="0",title="",year="1"}
